@book{Lim,
	author    = {Bee Lim and Sanghyun Son and Heewon Kim and Seungjun Nah and Kyoung Mu Lee},
	title     = {Enhanced Deep Residual Networks for Single Image Super-Resolution},
	booktitle = {The IEEE Conference on Computer Vision and Pattern Recognition (CVPR) Workshops},
	month     = {July},
	year      = {2017}
}
